@misc{dms2014,
  title={DateMySchool},
  howpublished="\url{https://datemyschool.com/}",
  year={2014},
  note={[Online; accessed 21-March-2014]}
}
@misc{fb2014,
  title={Facebook},
  howpublished="\url{https://facebook.com/}",
  year={2014},
  note={[Online; accessed 21-March-2014]}
}
